@book{levitin,
  author    = {Anany Levitin},
  title     = {Introduction to the Design & Analysis of Algorithms},
  publisher = {Pearson Addison-Wesley},
  year      = {2007},
  edition   = {3\textsuperscript{rd}}
}

@online{tsp_instances_desc,
  author    = {Gerhard Reinelt},
  title     = {TSPLIB: A library of sample instances for the TSP and related problems - Universit√§t Heidelberg.},
  url       = {http://comopt.ifi.uni-heidelberg.de/software/TSPLIB95/tsp95.pdf}
}

@online{networkx,
  author    = {NetworkX Developers},
  title     = {Software for Complex Networks},
  url       = {https://networkx.org/documentation/stable/index.html}
}

